%@book{willmann2018robotic,
%author = {Willmann, J},
%isbn = {9783319922942},
%publisher = {Springer},
%title = {{Robotic Fabrication in Architecture, Art and Design 2018}},
%doi = {10.1007/978-3-319-92294-2},
%year = {2018}
%}
%@book{reinhardt2016robotic,
%author = {Reinhardt, D and Saunders, R and Burry, J},
%isbn = {9783319263786},
%publisher = {Springer International Publishing},
%title = {{Robotic Fabrication in Architecture, Art and Design 2016}},
%doi = {10.1007/978-3-319-26378-6},
%year = {2016}
%}
%@article{giftthaler2017mobile,
%author = {Giftthaler, Markus and Sandy, Timothy and D{\"{o}}rfler, Kathrin and Brooks, Ian and Buckingham, Mark and Rey, Gonzalo and Kohler, Matthias and Gramazio, Fabio and Buchli, Jonas},
%journal = {Construction Robotics},
%pages = {3--14},
%publisher = {Springer},
%title = {{Mobile robotic fabrication at 1: 1 scale: the in situ fabricator}},
%volume = {1},
%doi = {10.1007/s41693-017-0003-5},
%year = {2017}
%}
@book{gramazio2014made,
author = {Gramazio, F and Kohler, M},
isbn = {9781118918951},
publisher = {Wiley},
series = {Architectural Design},
title = {{Made by Robots: Challenging Architecture at a Larger Scale}},
year = {2014}
}
@book{menges2015material,
author = {Menges, A},
isbn = {9781118878378},
publisher = {Wiley},
series = {Architectural Design},
title = {{Material Synthesis: Fusing the Physical and the Computational}},
year = {2015}
}
@book{Carpo2011,
address = {Cambridge, MA},
author = {Carpo, Mario},
publisher = {MIT Press},
title = {{The Alphabet and the Algorithm}},
year = {2011},
keywords = {intro, required}
}
@book{tedeschi2014aad,
author = {Tedeschi, A},
isbn = {9788895315300},
publisher = {Le Penseur},
title = {{AAD Algorithms-aided Design: Parametric Strategies Using Grasshopper}},
year = {2014},
keywords = {algorithmic, required}
}
@book{thompson2007manufacturing,
author = {Thompson, R},
isbn = {9780500513750},
publisher = {Thames {\&} Hudson},
title = {{Manufacturing Processes for Design Professionals}},
year = {2007},
keywords = {fabrication}
}
@book{beorkrem2013material,
author = {Beorkrem, C},
isbn = {9781136231735},
publisher = {Taylor {\&} Francis},
title = {{Material Strategies in Digital Fabrication}},
year = {2013},
keywords = {fabrication}
}
@book{dunn2012digital,
  title={Digital Fabrication in Architecture},
  author={Dunn, Nick},
  isbn={9781856698917},
  year={2012},
  publisher={Laurence King Publishing}
}
@book{stevens2015digital,
  title={Digital Vernacular: Architectural Principles, Tools, and Processes},
  author={Stevens, J. and Nelson, R.},
  isbn={9781317548430},
  series={EBL-Schweitzer},
  year={2015},
  publisher={Taylor \& Francis}
}
%@book{gross2018generative,
%author = {Gross, B and Bohnacker, H and Laub, J and Lazzeroni, C and Lee, J and Poldervaart, N and Frohling, M},
%isbn = {9781616897840},
%publisher = {Princeton Architectural Press},
%title = {{Generative Design: Visualize, Program, and Create with JavaScript in p5.js}},
%url = {http://www.generative-gestaltung.de/},
%year = {2018}
%}
@book{choma2015morphing,
author = {Choma, J},
isbn = {9781780674131},
publisher = {Laurence King Publishing},
title = {{Morphing: A Guide to Mathematical Transformations for Architects and Designers}},
year = {2015},
keywords = {procedural, required}
}
@book{Cuevas2020,
author = {Cuevas, Diego Garcia and Pugliese, Gianluca},
isbn = {979-8635379011},
title = {{Advanced 3D Printing with Grasshopper: Clay and FDM}},
year = {2020}
}