@misc{Hustwit2007,
author = {Hustwit, Gary},
publisher = {Veer {\&} Swiss Dots},
title = {{Helvetica}},
year = {2007}
}

@book{lupton2015graphic,
title={Graphic Design: The New Basics: Second Edition, Revised and Expanded},
author={Lupton, E. and Phillips, J.C.},
isbn={9781616894559},
year={2015},
publisher={Princeton Architectural Press}
}

@book{vignelli2010vignelli,
title={The Vignelli Canon},
author={Vignelli, M.},
isbn={9783037782255},
year={2010},
publisher={Lars M{\"u}ller}
}

@book{NationalAssociationofCityTransportationOfficials2013,
address = {Washington D.C.},
author = {{National Association of City Transportation Officials}},
isbn = {9781610914949},
publisher = {Island Press},
title = {{Urban Street Design Guide}},
url = {https://nacto.org/publication/urban-street-design-guide/},
year = {2013}
}

@book{officials2017urban,
title={Urban Street Stormwater Guide},
author={Officials, N.A.C.T.},
isbn={9781610918145},
url = {https://nacto.org/publication/urban-street-stormwater-guide/},
year={2017},
publisher={Island Press}
}

@book{liptan2017sustainable,
title={Sustainable Stormwater Management: A Landscape-Driven Approach to Planning and Design},
author={Liptan, T.W. and Santen, J.D.},
isbn={9781604694864},
lccn={2016045535},
year={2017},
publisher={Timber Press}
}

@book{zimmermann2011constructing,
title={Constructing Landscape: Materials, Techniques, Structural Components},
author={Zimmermann, A.},
isbn={9783034606943},
year={2011},
publisher={Birkh{\"a}user}
}

@book{zimmermann2015planning,
title={Planning Landscape: Dimensions, Elements, Typologies},
author={Zimmermann, A.},
isbn={9783034607612},
year={2015},
publisher={Walter de Gruyter GmbH}
}

@book{kennen2015phyto,
title={Phyto: Principles and Resources for Site Remediation and Landscape Design},
author={Kennen, K. and Kirkwood, N.},
isbn={9781317599012},
year={2015},
publisher={Taylor \& Francis}
}

@misc{USEnvironmentalProtectionAgency,
author = {{US Environmental Protection Agency}},
title = {{Green Infrastructure}},
url = {https://www.epa.gov/green-infrastructure},
urldate = {01/05/2020}
}
