%@book{willmann2018robotic,
%author = {Willmann, J},
%isbn = {9783319922942},
%publisher = {Springer},
%title = {{Robotic Fabrication in Architecture, Art and Design 2018}},
%doi = {10.1007/978-3-319-92294-2},
%year = {2018}
%}
%@book{reinhardt2016robotic,
%author = {Reinhardt, D and Saunders, R and Burry, J},
%isbn = {9783319263786},
%publisher = {Springer International Publishing},
%title = {{Robotic Fabrication in Architecture, Art and Design 2016}},
%doi = {10.1007/978-3-319-26378-6},
%year = {2016}
%}
%@article{giftthaler2017mobile,
%author = {Giftthaler, Markus and Sandy, Timothy and D{\"{o}}rfler, Kathrin and Brooks, Ian and Buckingham, Mark and Rey, Gonzalo and Kohler, Matthias and Gramazio, Fabio and Buchli, Jonas},
%journal = {Construction Robotics},
%number = {1-4},
%pages = {3--14},
%publisher = {Springer},
%title = {{Mobile robotic fabrication at 1: 1 scale: the in situ fabricator}},
%volume = {1},
%doi = {10.1007/s41693-017-0003-5},
%year = {2017}
%}
@book{gramazio2014made,
author = {Gramazio, F and Kohler, M},
isbn = {9781118918951},
publisher = {Wiley},
series = {Architectural Design},
title = {{Made by Robots: Challenging Architecture at a Larger Scale}},
year = {2014}
}
@book{menges2015material,
author = {Menges, A},
isbn = {9781118878378},
publisher = {Wiley},
series = {Architectural Design},
title = {{Material Synthesis: Fusing the Physical and the Computational}},
year = {2015}
}
%@book{robinson2018spoils,
%author = {Robinson, A},
%isbn = {9781940743486},
%mendeley-groups = {Robots},
%publisher = {ORO Editions},
%title = {{The Spoils of Dust: Reinventing the Lake that Made Los Angeles}},
%year = {2018}
%}
%@book{Carpo2011,
%address = {Cambridge, MA},
%author = {Carpo, Mario},
%publisher = {MIT Press},
%title = {{The Alphabet and the Algorithm}},
%year = {2011},
%keywords = {intro, required}
%}
@book{tedeschi2014aad,
author = {Tedeschi, A},
isbn = {9788895315300},
publisher = {Le Penseur},
title = {{AAD Algorithms-aided Design: Parametric Strategies Using Grasshopper}},
year = {2014},
keywords = {algorithmic, required}
}
%@book{thompson2007manufacturing,
%author = {Thompson, R},
%isbn = {9780500513750},
%publisher = {Thames {\&} Hudson},
%title = {{Manufacturing Processes for Design Professionals}},
%year = {2007},
%keywords = {fabrication}
%}
@book{beorkrem2013material,
author = {Beorkrem, C},
isbn = {9781136231735},
publisher = {Taylor {\&} Francis},
title = {{Material Strategies in Digital Fabrication}},
year = {2013},
keywords = {fabrication}
}
@book{dunn2012digital,
  title={Digital Fabrication in Architecture},
  author={Dunn, Nick},
  isbn={9781856698917},
  year={2012},
  publisher={Laurence King Publishing}
}
%@book{schodek2004digital,
%  title={Digital Design and Manufacturing: CAD/CAM Applications in Architecture and Design},
%  author={Schodek, D. and Bechthold, M. and Griggs, J.K. and Kao, K. and Steinberg, M.},
%  isbn={9780471456360},
%  lccn={2004014940},
%  year={2004},
%  publisher={Wiley}
%}
@book{stevens2015digital,
  title={Digital Vernacular: Architectural Principles, Tools, and Processes},
  author={Stevens, J. and Nelson, R.},
  isbn={9781317548430},
  series={EBL-Schweitzer},
  year={2015},
  publisher={Taylor \& Francis}
}
%@book{Deussen2010,
%author = {Deussen, Oliver and Lintermann, Bernd},
%doi = {10.1007/b138606},
%isbn = {978-3642073632},
%publisher = {Springer},
%title = {{Digital Design of Nature: Computer Generated Plants and Organics}},
%year = {2010},
%keywords = {plants}
%}
%@book{gross2018generative,
%author = {Gross, B and Bohnacker, H and Laub, J and Lazzeroni, C and Lee, J and Poldervaart, N and Frohling, M},
%isbn = {9781616897840},
%publisher = {Princeton Architectural Press},
%title = {{Generative Design: Visualize, Program, and Create with JavaScript in p5.js}},
%url = {http://www.generative-gestaltung.de/},
%year = {2018}
%}
