@book{Cuboniks2018,
author = {Laboria Cuboniks},
publisher = {Verso},
title = {The Xenofeminist Manifesto: A Politics for Alienation},
url = {https://laboriacuboniks.net/manifesto/xenofeminism-a-politics-for-alienation/},
year = {2018},
keywords={xenofeminism}
}

@incollection{Coco2019,
author = {Picard, Coco},
editor = {Gage, Mark Foster},
publisher = {MIT Press},
title = {The Strangers Among Us},
booktitle = {Aesthetics Equals Politics: New Discourses across Art, Architecture, and Philosophy},
doi = {10.7551/mitpress/11681.001.0001},
isbn = {9780262547710},
year = {2019},
keywords={xenofeminism}
}

@incollection{Bennett2010,
title={The Force of Things},
booktitle={Vibrant Matter: A Political Ecology of Things},
author={Bennett, Jane},
isbn={9780822391623},
lccn={2009037177},
year={2010},
publisher={Duke University Press},
keywords={vibrant-matter}
}

@article{Weller2020,
title = {In Conversation with Jane Bennett},
url = {https://laplusjournal.com/11-VITALITY},
volume = {11},
journaltitle = {{LA}+},
author = {Weller, Richard},
date = {2020},
keywords={vibrant-matter}
}

@book{haraway2016staying,
title={Staying with the Trouble: Making Kin in the Chthulucene},
author={Haraway, Donna J.},
isbn={9780822373780},
lccn={2016019477},
series={Experimental Futures},
year={2016},
publisher={Duke University Press},
keywords={more-than-human}
}

@book{Harman2018,
title={Object-Oriented Ontology: A New Theory of Everything},
author={Harman, Graham},
isbn={9780241269176},
series={Pelican Books},
year={2018},
publisher={Penguin Books Limited},
keywords={ooo}
}

@article{gage2015,
ISSN = {15474690},
URL = {http://www.jstor.org/stable/43630853},
author = {Mark Foster Gage},
journal = {Log},
number = {33},
pages = {95--106},
publisher = {Anyone Corporation},
title = {Killing Simplicity: Object-Oriented Philosophy In Architecture},
urldate = {2024-01-14},
year = {2015},
keywords={ooo}
}

@incollection{Haraway1991,
author = {Donna Haraway},
booktitle = {in Simians, Cyborgs and Women: The Reinvention of Nature},
title = {A Cyborg Manifesto: Science, Technology, and Socialist-Feminism in the Late Twentieth Century},
year = {1991},
publisher = {Routledge},
keywords={cyborgs}
}

@book{Dunne2013,
title={Speculative Everything: Design, Fiction, and Social Dreaming},
author={Dunne, Anthoy and Raby, Finoa},
isbn={9780262019842},
lccn={2013009801},
year={2013},
publisher={MIT Press},
keywords={cyborgs}
}

@article{doi:10.1080/18626033.2017.1301289,
author = {Kees Lokman},
title = {Cyborg landscapes: Choreographing resilient interactions between infrastructure, ecology, and society},
journal = {Journal of Landscape Architecture},
volume = {12},
number = {1},
pages = {60--73},
year = {2017},
publisher = {Routledge},
doi = {10.1080/18626033.2017.1301289},
keywords={cyborgs}
}

%@book{Holmes2023,
%title={Silt Sand Slurry: Dredging, Sediment, and the Worlds We Are Making},
%author={Holmes, R. and Burkholder, S. and Davis, B. and The Dredge Research Collaborative and Holzman, J. and Milligan, B.},
%isbn={9781954081840},
%year={2023},
%publisher={Oro Editions},
%keywords={cyborgs}
%}

%@article{Belanger2009,
%URL = {http://www.jstor.org/stable/43324425},
%author = {Pierre Bélanger},
%journal = {Landscape Journal},
%number = {1},
%pages = {79--95},
%publisher = {University of Wisconsin Press},
%title = {Landscape As Infrastructure},
%urldate = {2024-01-14},
%volume = {28},
%year = {2009},
%keywords={cyborgs}
%}

@article{Girot2019,
year = {2019},
author = {Christophe Girot},
title = {Cloudism},
editor = {Ellen Braae and Henriette Steiner},
city = {London},
doi = {10.4324/9781315613116},
journal = {Routledge Research Companion to Landscape Architecture},
publisher = {Routledge},
keywords={cloudism}
}

@article{Urech2020,
title = {Point cloud modeling as a bridge between landscape design and planning},
journal = {Landscape and Urban Planning},
volume = {203},
pages = {103903},
year = {2020},
issn = {0169-2046},
doi = {10.1016/j.landurbplan.2020.103903},
author = {Philipp R.W. Urech and Maria Angela Dissegna and Christophe Girot and Adrienne Grêt-Regamey},
keywords={cloudism}
}

%@article{Urech2019,
%author = {Urech, Philipp R.W.},
%year = {2019},
%title = {Point-Cloud Modeling: Exploring a Site-Specific Approach for Landscape Design},
%journal = {Journal of Digital Landscape Architecture},
%publisher = {Wichmann Verlag},
%volume = {4},
%pages = {290--297},
%isbn = {978-3-87907-663-5},
%doi = {10.14627/537663031},
%issn = {2367-4253},
%keywords={cloudism}
%}

%@article{Fernberg2021,
%author = {Fernberg, Phillip and Sturla, Paola and Chamberlain, Brent},
%year = {2021},
%title = {Pursuing an AI Ontology for Landscape Architecture},
%journal = {Journal of Digital Landscape Architecture},
%publisher = {Wichmann Verlag},
%volume = {6},
%pages = {452--460},
%isbn = {978-3-87907-705-2},
%doi = {10.14627/537705040},
%issn = {2367-4253},
%keywords={ai}
%}

%@article{Marika2023,
%author = {Li, Marika and Amoroso, Nadia},
%year = {2023},
%title = {An Early Look at Applications for Artificial Intelligence Visualization Software in Landscape Architecture},
%journal = {Journal of Digital Landscape Architecture},
%publisher = {Wichmann Verlag},
%volume = {8},
%pages = {543-553},
%isbn = {978-3-87907-740-3},
%doi = {10.14627/537740057},
%keywords={ai}
%}

%@article{Fernberg2023,
%author = {Fernberg, Phillip and George, Benjamin H. and Chamberlain, Brent},
%year = {2023},
%title = {Producing 2D Asset Libraries with AI-powered Image Generators},
%journal = {Journal of Digital Landscape Architecture},
%publisher = {Wichmann Verlag},
%volume = {8},
%pages = {186--194},
%isbn = {978-3-87907-740-3},
%doi = {10.14627/537740020},
%keywords={ai}
%}

@article{Fernberg2023b,
author = {Fernberg, Phillip and Chamberlain, Brent},
year = {2023},
title = {Artificial Intelligence in Landscape Architecture: A Literature Review},
journal = {Landscape Journal: design, planning, and management of the land},
publisher = {University of Wisconsin Press},
volume = {42},
number = {1},
pages = {13--35},
url = {muse.jhu.edu/article/896921},
keywords={ai}
}

@article{Hicks2024,
author = {Hicks, Michael Townsen and Humphries, James and Slater, Joe},
title = {ChatGPT is bullshit},
year = {2024},
publisher = {Kluwer Academic Publishers},
address = {USA},
volume = {26},
number = {2},
issn = {1388-1957},
url = {https://doi.org/10.1007/s10676-024-09775-5},
doi = {10.1007/s10676-024-09775-5},
journal = {Ethics and Inf. Technol.},
month = {6},
numpages = {10},
keywords={ai}
}

@article{Mildenhall2021,
author = {Mildenhall, Ben and Srinivasan, Pratul P. and Tancik, Matthew and Barron, Jonathan T. and Ramamoorthi, Ravi and Ng, Ren},
title = {NeRF: representing scenes as neural radiance fields for view synthesis},
year = {2021},
issue_date = {January 2022},
publisher = {Association for Computing Machinery},
address = {New York, NY, USA},
volume = {65},
number = {1},
issn = {0001-0782},
url = {https://doi.org/10.1145/3503250},
doi = {10.1145/3503250},
journal = {Commun. ACM},
month = {12},
pages = {99–106},
numpages = {8},
keywords={radiance-fields}
}

@article{Schob2023,
author = {Schob, Maximilian and Rekittke, Jörg},
year = {2023},
title = {Neural Radiance Fields for Landscape Architecture},
journal = {Journal of Digital Landscape Architecture},
publisher = {Wichmann Verlag},
volume = {8},
pages = {428--442},
isbn = {978-3-87907-740-3},
doi = {10.14627/537740046},
issn = {2367-4253},
keywords={radiance-fields}
}