@book{graser2016qgis,
  title={QGIS Map Design},
  author={Graser, A. and Peterson, G.N.},
  isbn={9780989421751},
  year={2016},
  publisher={Locate Press}
}
@book{van2019qgis,
  title={QGIS for Hydrological Applications: Recipes for Catchment Hydrology and Water Management},
  author={van der Kwast, H. and Menke, K.},
  isbn={9780998547787},
  year={2019},
  publisher={Locate Press}
}
@book{menke2019discover,
  title={Discover QGIS 3.X: A Workbook for the Classroom Or Independent Study},
  author={Menke, K.},
  isbn={9780998547763},
  year={2019},
  publisher={Locate Press}
}
@book{neteler2013open,
  title={Open source GIS: a GRASS GIS approach},
  author={Neteler, Markus and Mitasova, Helena},
  volume={689},
  year={2013},
  publisher={Springer Science \& Business Media}
}
%@book{steinitz2012,
%address = {Redlands, California},
%author = {Steinitz, Carl},
%isbn = {978-1589483330},
%publisher = {Esri Press},
%title = {{A Framework for Geodesign: Changing Geography by Design}},
%year = {2012}
%}
%@book{white2015africa,
%author = {White, G and Pienaar, M and Serfontein, B},
%isbn = {9783869224237},
%mendeley-groups = {GIS for Designers},
%publisher = {DOM Publishers},
%title = {{Africa Drawn: One Hundred Cities}},
%year = {2015}
%}
%@book{steinitz2003alternative,
%author = {Steinitz, C and Arias, H and Bassett, S and Flaxman, M and Goode, T and Maddock, T and Mouat, D and Peiser, R and Shearer, A},
%isbn = {9781559632249},
%publisher = {Island Press},
%title = {{Alternative Futures for Changing Landscapes: The Upper San Pedro River Basin In Arizona And Sonora}},
%year = {2003}
%}
%@book{busquets2017barcelona,
%author = {Busquets, J and P{\'{e}}rez-Ramos, P},
%isbn = {9781939621535},
%publisher = {Applied Research and Design Publishing},
%series = {Redesigning Gridded Cities},
%title = {{Barcelona: Manifold Grids and the Cerd{\`{a}} Plan}},
%year = {2017}
%}
%@book{desimini2016cartographic,
%author = {Desimini, Jill and Waldheim, Charles and Mostafavi, Mohsen},
%isbn = {9781616893293},
%publisher = {Princeton Architectural Press},
%title = {{Cartographic Grounds: Projecting the Landscape Imaginary}},
%year = {2016}
%}
@book{mcharg1995design,
author = {McHarg, Ian},
isbn = {9780471114604},
publisher = {Wiley},
series = {Wiley Series in Sustainable Design},
title = {{Design with Nature}},
year = {1995}
}
%@book{san2016european,
%author = {San-Miguel-Ayanz, J and de Rigo, D and Caudullo, G and Durrant, T H and Mauri, A and Centre, European Commission. Joint Research and Union, Europ{\"{a}}ische},
%isbn = {9789279367403},
%publisher = {Publications Office of the European Union},
%title = {{European Atlas of Forest Tree Species}},
%url = {https://forest.jrc.ec.europa.eu/en/european-atlas/},
%year = {2016}
%}
%@book{acciavatti2015ganges,
%author = {Acciavatti, Anthony},
%isbn = {9780982622612},
%publisher = {ORO Editions},
%title = {{Ganges Water Machine: Designing New India's Ancient River}},
%year = {2015}
%}
%@book{correa2014,
%address = {Hong Kong},
%author = {Correa, Felipe and Alfaro, Carlos Garciavelez},
%isbn = {978-1940743080},
%publisher = {Applied Research and Design Publishing},
%title = {{Mexico City: Between Geometry and Geography}},
%year = {2014}
%}
%@book{antoniou2015mind,
%author = {Antoniou, A and Klanten, R and Ehmann, S and Kotmair, A A},
%isbn = {9783899555882},
%publisher = {Gestalten},
%title = {{Mind the Map: Illustrated Maps and Cartography}},
%year = {2015}
%}
%@book{correa2018s√£o,
%author = {Correa, Felipe},
%isbn = {9781477316276},
%publisher = {University of Texas Press},
%title = {{S{\~{a}}o Paulo: A Graphic Biography}},
%year = {2018}
%}
%@book{tufte1983visual,
%author = {Tufte, Edward R},
%isbn = {9780961392109},
%publisher = {Graphics Press},
%title = {{The Visual Display of Quantitative Information}},
%year = {1983}
%}
%@book{solnit2013unfathomable,
%author = {Solnit, R and Snedeker, R},
%isbn = {9780520274037},
%publisher = {University of California Press},
%title = {{Unfathomable City: A New Orleans Atlas}},
%year = {2013}
%}
%@book{forman2008urban,
%author = {Forman, Richard T T},
%isbn = {9781139471879},
%publisher = {Cambridge University Press},
%title = {{Urban Regions: Ecology and Planning Beyond the City}},
%url = {http://www.fsl.orst.edu/pnwerc/wrb/Atlas{\_}web{\_}compressed/PDFtoc.html},
%year = {2008}
%}
%@book{tufte1997visual,
%author = {Tufte, Edward R},
%isbn = {9781930824157},
%publisher = {Graphics Press},
%title = {{Visual Explanations: Images and Quantities, Evidence and Narrative}},
%year = {1997}
%}
%@book{cheshire2017animals,
%author = {Cheshire, James and Uberti, Oliver},
%isbn = {9780393634020},
%publisher = {W. W. Norton},
%title = {{Where the Animals Go: Tracking Wildlife with Technology in 50 Maps and Graphics}},
%year = {2017}
%}
%@book{hulse2002willamette,
%author = {Hulse, D and Gregory, S and Baker, J P and Consortium, Pacific Northwest Ecosystem Research},
%isbn = {9780870715426},
%publisher = {Oregon State University Press},
%title = {{Willamette River Basin Planning Atlas: Trajectories of Environmental and Ecological Change}},
%url = {http://www.fsl.orst.edu/pnwerc/wrb/Atlas{\_}web{\_}compressed/PDFtoc.html},
%year = {2002}
%}
%@book{petrasova2018,
%author = {Petrasova, Anna and Harmon, Brendan A and Petras, Vaclav and Tabrizian, Payam and Mitasova, Helena},
%edition = {2},
%publisher = {Springer International Publishing},
%title = {{Tangible Modeling with Open Source GIS}},
%year = {2018}
%}