@book{chicago,
edition = {17},
title = {The Chicago Manual of Style},
isbn = {978-0-226-28705-8},
url = {https://www.chicagomanualofstyle.org},
author = {{The University of Chicago Press Editorial Staff}},
publisher= {{The University of Chicago Press}},
date = {2017},
keywords={style}
}

@book{Booth2016,
location = {United Kingdom},
edition = {4},
title = {The Craft of Research},
publisher = {University of Chicago Press},
author = {Booth, Wayne C. and Colomb, Gregory G. and Williams, Joseph M. and Bizup, Joseph and {FitzGerald}, William T.},
date = {2016},
keywords={style}
}

@article{Belanger2009,
URL = {http://www.jstor.org/stable/43324425},
author = {Pierre Bélanger},
journal = {Landscape Journal},
number = {1},
pages = {79--95},
publisher = {University of Wisconsin Press},
title = {Landscape As Infrastructure},
urldate = {2024-01-14},
volume = {28},
year = {2009},
keywords={infrastructure}
}

@book{Holmes2023,
title={Silt Sand Slurry: Dredging, Sediment, and the Worlds We Are Making},
author={Holmes, R. and Burkholder, S. and Davis, B. and The Dredge Research Collaborative and Holzman, J. and Milligan, B.},
isbn={9781954081840},
year={2023},
publisher={Oro Editions},
keywords={infrastructure}
}

@book{Bennett2010,
title={Vibrant Matter: A Political Ecology of Things},
author={Bennett, Jane},
isbn={9780822391623},
lccn={2009037177},
series={a John Hope Franklin Center Book},
year={2010},
publisher={Duke University Press},
keywords={matter}
}

@book{Harman2018,
title={Object-Oriented Ontology: A New Theory of Everything},
author={Harman, Graham},
isbn={9780241269176},
series={Pelican Books},
year={2018},
publisher={Penguin Books Limited},
keywords={ooo}
}

@article{gage2015,
ISSN = {15474690},
URL = {http://www.jstor.org/stable/43630853},
author = {Mark Foster Gage},
journal = {Log},
number = {33},
pages = {95--106},
publisher = {Anyone Corporation},
title = {Killing Simplicity: Object-Oriented Philosophy In Architecture},
urldate = {2024-01-14},
year = {2015},
keywords={ooo}
}

@article{kullmann2011,
author = {Karl Kullmann},
title = {Thin parks / thick edges: towards a linear park typology for (post)infrastructural sites},
journal = {Journal of Landscape Architecture},
volume = {6},
number = {2},
pages = {70-81},
year = {2011},
publisher = {Routledge},
doi = {10.1080/18626033.2011.9723456},
url = {https://doi.org/10.1080/18626033.2011.9723456},
keywords = {case-studies}
}