@incollection{Coco2019,
author = {Picard, Coco},
editor = {Gage, Mark Foster},
publisher = {MIT Press},
title = {The Strangers Among Us},
booktitle = {Aesthetics Equals Politics: New Discourses across Art, Architecture, and Philosophy},
doi = {10.7551/mitpress/11681.001.0001},
isbn = {9780262547710},
year = {2019},
keywords={seminar}
}

@misc{McLean2020,
author = {McLean, Kate},
title = {{Smellfie Kit}},
url = {https://sensorymaps.com/wp-content/uploads/2024/07/Smellfie_Kit_2020_compressed.pdf},
urldate = {2024-08-25},
year = {2020},
keywords={fieldwork}
}

@incollection{Harrison2019,
author = {Harrison, Ariane Lourie},
editor = {Gage, Mark Foster},
publisher = {MIT Press},
title = {Feral Architecture},
booktitle = {Aesthetics Equals Politics: New Discourses across Art, Architecture, and Philosophy},
doi = {10.7551/mitpress/11681.001.0001},
isbn = {9780262547710},
year = {2019},
keywords={seminar}
}

@incollection{Bennett2010,
title={The Force of Things},
booktitle={Vibrant Matter: A Political Ecology of Things},
author={Bennett, Jane},
isbn={9780822391623},
lccn={2009037177},
year={2010},
publisher={Duke University Press},
keywords={seminar}
}

%@book{haraway2016staying,
%title={Staying with the Trouble: Making Kin in the Chthulucene},
%author={Haraway, Donna J.},
%isbn={9780822373780},
%lccn={2016019477},
%series={Experimental Futures},
%year={2016},
%publisher={Duke University Press},
%keywords={seminar}
%}

@book{cheshire2017animals,
author = {Cheshire, James and Uberti, Oliver},
isbn = {9780393634020},
publisher = {W. W. Norton},
title = {{Where the Animals Go: Tracking Wildlife with Technology in 50 Maps and Graphics}},
year = {2017},
keywords={kinship}
}

@book{correa2014,
address = {Hong Kong},
author = {Correa, Felipe and Alfaro, Carlos Garciavelez},
isbn = {978-1940743080},
publisher = {Applied Research and Design Publishing},
title = {{Mexico City: Between Geometry and Geography}},
year = {2014},
keywords={urban}
}

@book{antoniou2015mind,
author = {Antoniou, A and Klanten, R and Ehmann, S and Kotmair, A A},
isbn = {9783899555882},
publisher = {Gestalten},
title = {{Mind the Map: Illustrated Maps and Cartography}},
year = {2015},
keywords={urban}
}

@book{correa2018são,
author = {Correa, Felipe},
isbn = {9781477316276},
publisher = {University of Texas Press},
title = {{S{\~{a}}o Paulo: A Graphic Biography}},
year = {2018},
keywords={urban}
}

@book{busquets2017barcelona,
author = {Busquets, J and P{\'{e}}rez-Ramos, P},
isbn = {9781939621535},
publisher = {Applied Research and Design Publishing},
series = {Redesigning Gridded Cities},
title = {{Barcelona: Manifold Grids and the Cerd{\`{a}} Plan}},
year = {2017},
keywords={urban}
}

%Busquets et al., Urban Grids: Handbook for Regular City Design
%Correa, São Paulo: A Graphic Biography
%Correa & Alfaro, Mexico City: Between Geometry and Geography
%Mostafavi & Doherty, Ecological Urbanism
%Sanderson, Mannahatta: A Natural History of New York City
%Forman, Urban Regions: Ecology and Planning Beyond the City
%Forman, Urban Ecology: Science of Cities

%@book{forman2008urban,
%author = {Forman, Richard T T},
%isbn = {9781139471879},
%publisher = {Cambridge University Press},
%title = {{Urban Regions: Ecology and Planning Beyond the City}},
%url = {http://www.fsl.orst.edu/pnwerc/wrb/Atlas{\_}web{\_}compressed/PDFtoc.html},
%year = {2008},
%keywords={ecology}
%}
