@book{Carpo2011,
address = {Cambridge, MA},
author = {Carpo, Mario},
isbn = {978-0262515801},
pages = {169},
publisher = {MIT Press},
title = {{The Alphabet and the Algorithm}},
year = {2011},
keywords = {required}
}
@book{Hurkxkens2022,
title={Robotic Landscapes: Designing the Unfinished},
author={Hurkxkens, Ilmar. and Fahmi, Fujan. and Mirjan, Ammar},
isbn={9783038602545},
year={2022},
publisher={Park Books},
keywords = {required}
}
@article{Mitterberger2019,
author = {Daniela Mitterberger and Tiziano Derme},
journal = {ACADIA - Ubiquity and Autonomy: Proceedings of the 39th Annual Conference of the Association for Computer Aided Design in Architecture},
pages = {586--595},
title = {Soil 3D Printing},
year = 2019,
doi = {https://doi.org/10.52842/conf.acadia.2019.586},
keywords = {required}
}
@book{Haraway2016,
title={Staying with the Trouble: Making Kin in the Chthulucene},
author={Haraway, Donna J.},
isbn={9780822362142},
lccn={2016019477},
year={2016},
publisher={Duke University Press},
keywords = {required}
}
@book{Bennett2010,
title={Vibrant Matter: A Political Ecology of Things},
author={Bennett, Jane},
isbn={9780822391623},
lccn={2009037177},
year={2010},
publisher={Duke University Press},
keywords = {required}
}
@book{Harman2018,
title={Object-Oriented Ontology: A New Theory of Everything},
author={Harman, Graham},
isbn={9780241269176},
series={Pelican Books},
year={2018},
publisher={Penguin Books Limited},
keywords={required}
}
@book{Dunne2013,
title={Speculative Everything: Design, Fiction, and Social Dreaming},
author={Dunne, Anthoy and Raby, Finoa},
isbn={9780262019842},
lccn={2013009801},
year={2013},
publisher={MIT Press},
keywords={required}
}
@article {Geffel2021,
author = {Michael Geffel},
title = {Landscape Design through Maintenance: Field Case Studies in Parametric Mowing},
volume = {39},
number = {2},
pages = {1--16},
year = {2021},
doi = {10.3368/wplj.39.2.1},
publisher = {University of Wisconsin Press},
issn = {0277-2426},
journal = {Landscape Journal},
keywords={required}
}
@article{Girot2019,
year = {2019},
author = {Christophe Girot},
title = {Cloudism},
editor = {Ellen Braae and Henriette Steiner},
city = {London},
doi = {10.4324/9781315613116},
journal = {Routledge Research Companion to Landscape Architecture},
publisher = {Routledge}
}
@article{Urech2019,
author = {Urech, Philipp R.W.},
year = {2019},
title = {Point-Cloud Modeling: Exploring a Site-Specific Approach for Landscape Design},
journal = {Journal of Digital Landscape Architecture},
publisher = {Wichmann Verlag},
volume = {4},
pages = {290--297},
isbn = {978-3-87907-663-5},
doi = {10.14627/537663031},
issn = {2367-4253}
}
@article{Fernberg2021,
author = {Fernberg, Phillip and Sturla, Paola and Chamberlain, Brent},
year = {2021},
title = {Pursuing an AI Ontology for Landscape Architecture},
journal = {Journal of Digital Landscape Architecture},
publisher = {Wichmann Verlag},
volume = {6},
pages = {452--460},
isbn = {978-3-87907-705-2},
doi = {10.14627/537705040},
issn = {2367-4253}
}
@article{Marika2023,
author = {Li, Marika and Amoroso, Nadia},
year = {2023},
title = {An Early Look at Applications for Artificial Intelligence Visualization Software in Landscape Architecture},
journal = {Journal of Digital Landscape Architecture},
publisher = {Wichmann Verlag},
volume = {8},
pages = {543-553},
isbn = {978-3-87907-740-3},
doi = {10.14627/537740057}
}
@article{Fernberg2023,
author = {Fernberg, Phillip and George, Benjamin H. and Chamberlain, Brent},
year = {2023},
title = {Producing 2D Asset Libraries with AI-powered Image Generators},
journal = {Journal of Digital Landscape Architecture},
publisher = {Wichmann Verlag},
volume = {8},
pages = {186--194},
isbn = {978-3-87907-740-3},
doi = {10.14627/537740020}
}
@article{Fernberg2023b,
author = {Fernberg, Phillip and Chamberlain, Brent},
year = {2023},
title = {Artificial Intelligence in Landscape Architecture: A Literature Review},
journal = {Landscape Journal: design, planning, and management of the land},
publisher = {University of Wisconsin Press},
volume = {42},
number = {1},
pages = {13--35},
url = {muse.jhu.edu/article/896921}
}

