% landscape as infrastructure
% petrochemical america
% usace
% new yorker
% nature conservancy
% saucier
% antigravity
% cpra

@book{Misrach2014l,
title={Petrochemical America},
author={Misrach, Richard and Orff, Kate},
isbn={9781597112772},
year={2014},
publisher={Aperture},
keywords={recommended}
}

@book{Belanger2016,
title={Landscape as Infrastructure: A Base Primer},
author={B{\'e}langer, Pierre},
isbn={9781138643925},
lccn={2015049549},
year={2016},
publisher={Routledge},
keywords={recommended}
}

@article{McPhee1987,
author = {McPhee, John},
year = {1987},
date = {1987-02-15},
title = {Atchafalaya},
journal = {The New Yorker},
url = {https://www.newyorker.com/magazine/1987/02/23/atchafalaya},
urldate = {2023-08-12},
keywords={recommended}
}

@article{McDowell2019,
author = {McDowell, Robin},
year = {2019},
month = {5},
title = {Sacred Ground: Unearthing Buried History at the {Bonnet Carré Spillway}},
journal = {Antigravity},
url = {https://antigravitymagazine.com/feature/sacred-ground-unearthing-buried-history-at-the-bonnet-carre-spillway},
urldate = {2023-08-12},
keywords={recommended}
}

@misc{USACE,
author = {{US Army Corps of Engineers New Orleans District}},
title = {{Mississippi River Flood Control}},
url = {https://www.mvn.usace.army.mil/Missions/Mississippi-River-Flood-Control},
urldate = {2023-08-12},
keywords={required}
}

@misc{USACE2009,
author = {{US Army Corps of Engineers New Orleans District}},
year = {2009},
month = {1},
title = {{Old River Control}},
url = {https://www.mvn.usace.army.mil/Portals/56/docs/PAO/Brochures/OldRiverControlBrochure.pdf},
urldate = {2023-08-12},
keywords={recommended}
}

@misc{USACE2012,
author = {{US Army Corps of Engineers New Orleans District}},
year = {2012},
month = {2},
title = {{Bonnet Carré Spillway} Historic Cemeteries},
url = {https://www.mvn.usace.army.mil/Missions/Mississippi-River-Flood-Control/Bonnet-Carre-Spillway-Overview/Cultural-Environmental-and-Natural-Values/Kenner-Kugler-Cemeteries},
urldate = {2023-08-12},
keywords = {recommended}
}

@misc{NORCO,
author = {{Geography of Robots}},
year = {2022},
title = {{NORCO}},
url = {https://store.steampowered.com/app/1221250/NORCO},
urldate = {2023-08-12},
keywords = {recommended}
}

@phdthesis{Saucier1968,
title = {Recent Geomorphic History of the {Pontchartrain Basin}, {Louisiana}},
author = {Saucier, Roger Thomas},
url = {https://digitalcommons.lsu.edu/gradschool_disstheses/1418},
school = {{Louisiana State University}},
year = {1968},
type = {Theses},
keywords = {required}
}

@techreport{citekey,
author = {{Coastal Protection and Restoration Authority}},
title= {2023 Coastal Master Plan},
year = {2023},
url = {https://coastal.la.gov/our-plan/2023-coastal-master-plan/},
urldate = {2023-08-12},
keywords = {required}
}