
@book{Carpo2011,
address = {Cambridge, MA},
author = {Carpo, Mario},
publisher = {MIT Press},
title = {{The Alphabet and the Algorithm}},
year = {2011},
keywords = {intro, required}
}

@book{Picon2010,
address = {Boston, MA},
author = {Picon, Antoine},
isbn = {9783034602594},
pages = {224},
publisher = {Birkhaeuser},
title = {{Digital Culture in Architecture: an Introduction for the Design Professions}},
year = {2010}
}

@book{belsey2002poststructuralism,
  title={Poststructuralism: A Very Short Introduction},
  author={Belsey, Catherine},
  year={2002},
  publisher={OUP Oxford}
}

@book{barthes1978image,
  title={Image-Music-Text},
  author={Barthes, Roland},
  year={1978},
  publisher={Macmillan}
}

@book{eco1989open,
  title={The Open Work},
  author={Eco, Umberto},
  translator={Cancogni, Anna},
  year={1989},
  publisher={Harvard University Press Cambridge, MA}
}

@book{mallarme2015,
  title={A Roll of the Dice},
  author={Mallarmé, Stéphane},
  translator={Clark, Jeff and Bononno, Robert},
  year={2015},
  publisher={Wave},
  isbn={9781940696041}
}

@book{deleuze1993fold,
  title={The Fold: Leibniz and the Baroque},
  author={Deleuze, Gilles},
  year={1993},
  publisher={U of Minnesota Press}
}

@book{Tennant2015,
author = "Jon Tennant and Ross Mounce",
title = "{Open Research Glossary}",
year = "2015",
url = "http://www.righttoresearch.org/resources/OpenResearchGlossary/",
doi = "10.6084/m9.figshare.1482094.v1"
}

@book{bohnacker2012generative,
  title={Generative Design: Visualize, Program, and Create with Processing},
  author={Bohnacker, Hartmut and Gross, Benedikt and Laub, Julia and Lazzeroni, Claudius},
  year={2012},
  publisher={Princeton Architectural Press}
}

@book{ratti2015open,
  title={Open Source Architecture},
  author={Ratti, Carlo and Claudel, Matthew},
  year={2015},
  publisher={Thames \& Hudson London}
}

%@article{bruno1987,
% ISSN = {01622870, 1536013X},
% URL = {http://www.jstor.org/stable/778330},
% author = {Giuliana Bruno},
% journal = {October},
% pages = {61--74},
% publisher = {The MIT Press},
% title = {Ramble City: Postmodernism and Blade Runner},
% volume = {41},
% year = {1987}
%}

@article{Wilf2013,
author = {Wilf, Eitan},
doi = {10.1111/amet.12041},
issn = {00940496},
journal = {American Ethnologist},
keywords = {Computerized algorithms,Contingency,Creativity,Intentionality,Jazz music,Mechanical divination,Semiotic mediation},
number = {4},
pages = {605--618},
title = {{Sociable Robots, Jazz Music, and Divination: Contingency as a Cultural Resource for Negotiating problems of intentionality}},
volume = {40},
year = {2013}
}

@book{latour2005reassembling,
  title={Reassembling the Social: An Introduction to Actor-Network-Theory},
  author={Latour, Bruno and others},
  year={2005},
  publisher={Oxford University Press}
}

@unpublished{Healy2018,
author = {Healy, Kieran},
title = {{The Plain Person's Guide to Plain Text Social Science}},
url = {http://plain-text.co/},
year = {2018}
}

@article{haraway1990manifesto,
  title={A manifesto for cyborgs: Science, technology, and socialist feminism in the 1980s},
  author={Haraway, Donna},
  journal={Feminism/postmodernism},
  pages={190--233},
  year={1990},
  publisher={Routledge New York}
}